@article{WhatsAppIntroducesE2Eencryption,
  title = {{WhatsApp} {Partners} {With} {Open} {WhisperSystems} {To} 
    {End}-{To}-{En  d} {Encrypt} {Billions} {Of} {Messages} {A} {Day}},
  author = {Jon Evans},
  url = {http://social.techcrunch.com/2014/11/18/end-to-end-for-everyone/},
  abstract = {Good news for people who love privacy and security! Bad news 
    for blac  k-hat hackers and government surveillance agencies. WhatsApp, 
      the wildly popular   messaging app, has partnered with the crypto gurus 
          at Open WhisperSystems to impl  ement strong end-to-end encryption 
          on all WhatsApp text messages--me…},
  urldate = {2019-04-01},
  journal = {TechCrunch}
}

@article{WhatsAppE2Ecomplete,
  title = {Forget {Apple} vs. the {FBI}: {WhatsApp} {Just} {Switched} on 
    {Encryption} for a {Billion} {People}},
  issn = {1059-1028},
  shorttitle = {Forget {Apple} vs. the {FBI}},
  url = {https://www.wired.com/2016/04/forget-apple-vs-fbi-whatsapp-just-switched-encryption-billion-people/},
  abstract = {This morning, WhatsApp made the scope of the Apple-FBI encryption 
    battle look kinda small.},
  urldate = {2019-04-01},
  journal = {Wired},
  author = {Metz, Cade},
  month = 4,
  year = {2016},
  keywords = {WhatsApp, code, encryption, messaging}
}

@article{cambridge-analytica-wired,
  author = {Valdez, Andrea},
  title = {Everything {You} {Need} to {Know} {About} {Facebook} and {Cambridge} 
    {Analytica}},
  issn = {1059-1028},
  url = 
  {https://www.wired.com/story/wired-facebook-cambridge-analytica-coverage/},
  abstract = {All of WIRED's coverage on the scandal plaguing the 
    social media gian  t.},
  urldate = {2019-01-17},
  journal = {Wired},
  month = 3,
  year = {2018},
  keywords = {Facebook, cambridge analytica}
}

@article{cambridge-analytica-guardian,
  title = {Revealed: 50 million {Facebook} profiles harvested for {Cambridge} 
    {Analytica} in major data breach},
  issn = {0261-3077},
  url = 
  {https://www.theguardian.com/news/2018/mar/17/cambridge-analytica-facebook-  
    influence-us-election},
  abstract = {Whistleblower describes how firm linked to former Trump 
    adviser Steve   Bannon compiled user data to target American 
        voters},
  language = {en-GB},
  urldate = {2019-01-17},
  journal = {The Guardian},
  author = {Cadwalladr, Carole and Graham-Harrison, Emma},
  month = 3,
  year = {2018},
  keywords = {Brexit, Cambridge Analytica, Data 
    protection, Donald Trump, Facebook,   Politics, Steve 
        Bannon, Technology, UK news, US news, World news}
}

@article{cambridge-analytica-nytimes,
  title = {How {Trump} {Consultants} {Exploited} the {Facebook} {Data} of 
    {Millions  }},
  issn = {0362-4331},
  url = 
  {https://www.nytimes.com/2018/03/17/us/politics/cambridge-analytica-trump-c  
    ampaign.html},
  abstract = {Cambridge Analytica harvested personal information from a 
    huge swath   of the electorate to develop techniques that were 
        later used in the Trump campaig  n.},
  language = {en-US},
  urldate = {2019-01-17},
  journal = {The New York Times},
  author = {Rosenberg, Matthew and Confessore, Nicholas and 
    Cadwalladr, Carole},
  month = 4,
  year = {2018},
  keywords = {Bannon, Stephen K, Cambridge Analytica, 
    Data-Mining and Database Mark  eting, Facebook Inc, 
    Kogan, Aleksandr, Mercer, Robert (1946- ), Nix, 
    Alexander, O  nline Advertising, Political 
        Advertising, Presidential Election of 2016, 
    Russian   Interference in 2016 US Elections and Ties 
        to Trump Associates, Trump, Donald J,   United 
        States Politics and Government, Wylie, 
    Christopher}
}

@misc{cambridge-analytica-wp,
  author = {Ishaan Tharoor},
  title = {Analysis {\textbar} {The} scary truth that {Cambridge} {Analytica} 
    understands},
  url = 
  {https://www.washingtonpost.com/news/worldviews/wp/2018/03/22/the-scary-tru  
    th-that-cambridge-analytica-understands/},
  abstract = {The controversial British data firm harnessed 
    “authoritarian” sentime  nt around the world.},
  language = {en},
  year = {2018},
  urldate = {2019-01-17},
  journal = {Washington Post},
}
